<?xml version="1.0" encoding="UTF-8"?>
<record>
  <leader>02005cam a2200505 c 4500</leader>
  <controlfield tag="003">DE-605</controlfield>
  <controlfield tag="005">20231127140454.0</controlfield>
  <controlfield tag="007">tu</controlfield>
  <controlfield tag="008">200831s2021    gw            ||| | ger c</controlfield>
  <controlfield tag="001">990367593690206441</controlfield>
  <datafield tag="015" ind1=" " ind2=" ">
    <subfield code="a">20,N05</subfield>
    <subfield code="2">dnb</subfield>
  </datafield>
  <datafield tag="016" ind1="7" ind2=" ">
    <subfield code="a">1203449488</subfield>
    <subfield code="2">DE-101b</subfield>
  </datafield>
  <datafield tag="016" ind1="7" ind2=" ">
    <subfield code="a">1138498044</subfield>
    <subfield code="2">OCoLC</subfield>
  </datafield>
  <datafield tag="020" ind1=" " ind2=" ">
    <subfield code="a">9783110659849</subfield>
    <subfield code="c">Festeinband: EUR 129.95 (DE), EUR 129.95 (AT)</subfield>
    <subfield code="9">978-3-11-065984-9</subfield>
  </datafield>
  <datafield tag="020" ind1=" " ind2=" ">
    <subfield code="a">3110659840</subfield>
    <subfield code="9">3-11-065984-0</subfield>
  </datafield>
  <datafield tag="024" ind1="3" ind2=" ">
    <subfield code="a">9783110659849</subfield>
  </datafield>
  <datafield tag="035" ind1=" " ind2=" ">
    <subfield code="a">(DE-605)HT020566163</subfield>
  </datafield>
  <datafield tag="040" ind1=" " ind2=" ">
    <subfield code="a">466</subfield>
    <subfield code="b">ger</subfield>
    <subfield code="c">DE-605</subfield>
    <subfield code="d">929</subfield>
    <subfield code="d">DE-605</subfield>
    <subfield code="e">rda</subfield>
  </datafield>
  <datafield tag="041" ind1=" " ind2=" ">
    <subfield code="a">ger</subfield>
  </datafield>
  <datafield tag="044" ind1=" " ind2=" ">
    <subfield code="c">XA-DE-BE</subfield>
  </datafield>
  <datafield tag="082" ind1="0" ind2=" ">
    <subfield code="a">004</subfield>
    <subfield code="2">23sdnb</subfield>
  </datafield>
  <datafield tag="084" ind1=" " ind2=" ">
    <subfield code="a">820</subfield>
    <subfield code="2">rpb</subfield>
  </datafield>
  <datafield tag="084" ind1=" " ind2=" ">
    <subfield code="a">900</subfield>
    <subfield code="2">rpb</subfield>
  </datafield>
  <datafield tag="084" ind1=" " ind2=" ">
    <subfield code="a">004</subfield>
    <subfield code="q">DE-101</subfield>
    <subfield code="2">sdnb</subfield>
  </datafield>
  <datafield tag="245" ind1="0" ind2="0">
    <subfield code="a">Handbuch der künstlichen Intelligenz</subfield>
    <subfield code="c">herausgegeben von Günther Görz, Ute Schmid, Tanya Braun</subfield>
  </datafield>
  <datafield tag="250" ind1=" " ind2=" ">
    <subfield code="a">6. Auflage</subfield>
  </datafield>
  <datafield tag="264" ind1=" " ind2="1">
    <subfield code="a">Berlin ; Boston</subfield>
    <subfield code="b">De Gruyter Oldenbourg</subfield>
    <subfield code="c">[2021]</subfield>
  </datafield>
  <datafield tag="300" ind1=" " ind2=" ">
    <subfield code="a">XX, 956 Seiten</subfield>
    <subfield code="b">Illustrationen</subfield>
    <subfield code="c">24 cm x 17 cm</subfield>
  </datafield>
  <datafield tag="336" ind1=" " ind2=" ">
    <subfield code="b">txt</subfield>
  </datafield>
  <datafield tag="337" ind1=" " ind2=" ">
    <subfield code="b">n</subfield>
  </datafield>
  <datafield tag="338" ind1=" " ind2=" ">
    <subfield code="b">nc</subfield>
  </datafield>
  <datafield tag="689" ind1="0" ind2="0">
    <subfield code="a">Künstliche Intelligenz</subfield>
    <subfield code="D">s</subfield>
    <subfield code="0">(DE-588)4033447-8</subfield>
    <subfield code="B">GND-040334473</subfield>
  </datafield>
  <datafield tag="035" ind1=" " ind2=" ">
    <subfield code="a">(ELiSA)ELiSA-9783110659849</subfield>
  </datafield>
  <datafield tag="035" ind1=" " ind2=" ">
    <subfield code="a">(OCoLC)1138498044</subfield>
  </datafield>
  <datafield tag="035" ind1=" " ind2=" ">
    <subfield code="a">(DE-599)DNB1203449488</subfield>
  </datafield>
  <datafield tag="964" ind1="0" ind2="s">
    <subfield code="F">051</subfield>
    <subfield code="A">m|||||||</subfield>
  </datafield>
  <datafield tag="964" ind1="0" ind2="i">
    <subfield code="I">marc-FMT via MAB2MARC</subfield>
    <subfield code="F">FMT</subfield>
    <subfield code="A">BK</subfield>
  </datafield>
  <datafield tag="964" ind1="0" ind2="s">
    <subfield code="F">030</subfield>
    <subfield code="A">a||ur||||||37</subfield>
  </datafield>
  <datafield tag="964" ind1="0" ind2="s">
    <subfield code="F">050</subfield>
    <subfield code="A">a|a|||||||||||</subfield>
  </datafield>
  <datafield tag="856" ind1="4" ind2="2">
    <subfield code="m">X:MVB</subfield>
    <subfield code="u">http://www.degruyter.com/search?f_0=isbnissn&amp;q_0=9783110659849&amp;searchTitles=true</subfield>
    <subfield code="3">Inhaltsverzeichnis</subfield>
  </datafield>
  <datafield tag="856" ind1="4" ind2="2">
    <subfield code="m">B:DE-101</subfield>
    <subfield code="q">application/pdf</subfield>
    <subfield code="u">http://digitale-objekte.hbz-nrw.de/storage2/2021/03/25/file_9/9011274.pdf</subfield>
    <subfield code="3">Inhaltsverzeichnis</subfield>
    <subfield code="9">O:PKN</subfield>
  </datafield>
  <datafield tag="700" ind1="1" ind2=" ">
    <subfield code="a">Görz, Günther</subfield>
    <subfield code="d">1947-</subfield>
    <subfield code="0">(DE-588)10853572X</subfield>
    <subfield code="4">edt</subfield>
    <subfield code="0">http://d-nb.info/gnd/10853572X</subfield>
    <subfield code="0">http://viaf.org/viaf/sourceID/DNB|10853572X</subfield>
    <subfield code="B">GND-10853572X</subfield>
  </datafield>
  <datafield tag="700" ind1="1" ind2=" ">
    <subfield code="a">Schmid, Ute</subfield>
    <subfield code="d">1965-</subfield>
    <subfield code="0">(DE-588)1018194363</subfield>
    <subfield code="4">edt</subfield>
    <subfield code="0">http://d-nb.info/gnd/1018194363</subfield>
    <subfield code="0">http://viaf.org/viaf/sourceID/DNB|1018194363</subfield>
    <subfield code="B">GND-1018194363</subfield>
  </datafield>
  <datafield tag="700" ind1="1" ind2=" ">
    <subfield code="a">Braun, Tanya</subfield>
    <subfield code="0">(DE-588)1228828717</subfield>
    <subfield code="4">edt</subfield>
    <subfield code="0">http://d-nb.info/gnd/1228828717</subfield>
    <subfield code="0">http://viaf.org/viaf/sourceID/DNB|1228828717</subfield>
    <subfield code="B">GND-1228828717</subfield>
  </datafield>
  <datafield tag="776" ind1="0" ind2="8">
    <subfield code="i">Erscheint auch als</subfield>
    <subfield code="n">Online-Ausgabe</subfield>
    <subfield code="t">Handbuch der künstlichen Intelligenz</subfield>
    <subfield code="z">9783110659955</subfield>
    <subfield code="z">9783110659948</subfield>
    <subfield code="w">(DE-605)HT020755871</subfield>
    <subfield code="w">(DE-605)HT020643041</subfield>
    <subfield code="9">978-3-11-065995-5</subfield>
    <subfield code="9">978-3-11-065994-8</subfield>
  </datafield>
  <datafield tag="MBD" ind1=" " ind2=" ">
    <subfield code="M">49HBZ_NETWORK</subfield>
    <subfield code="i">990367593690206441</subfield>
    <subfield code="n">HBZ Network</subfield>
  </datafield>
  <datafield tag="MBD" ind1=" " ind2=" ">
    <subfield code="M">49HBZ_FDO</subfield>
    <subfield code="i">991001697679706451</subfield>
    <subfield code="n">Fachhochschule Dortmund</subfield>
  </datafield>
  <datafield tag="MBD" ind1=" " ind2=" ">
    <subfield code="M">49HBZ_FSW</subfield>
    <subfield code="i">990013109800106461</subfield>
    <subfield code="n">Fachhochschule Südwestfalen</subfield>
  </datafield>
  <datafield tag="MBD" ind1=" " ind2=" ">
    <subfield code="M">49HBZ_FUH</subfield>
    <subfield code="i">990013109800106464</subfield>
    <subfield code="n">Fernuniversität Hagen</subfield>
  </datafield>
  <datafield tag="MBD" ind1=" " ind2=" ">
    <subfield code="M">49HBZ_BRIDGE_HSW</subfield>
    <subfield code="i">9914320407831</subfield>
    <subfield code="n">Hochschulbibliothek Worms</subfield>
  </datafield>
  <datafield tag="MBD" ind1=" " ind2=" ">
    <subfield code="M">49HBZ_FHA</subfield>
    <subfield code="i">991001220139706444</subfield>
    <subfield code="n">Hochschulbibliothek der FH Aachen</subfield>
  </datafield>
  <datafield tag="MBD" ind1=" " ind2=" ">
    <subfield code="M">49HBZ_HBI</subfield>
    <subfield code="i">991005544334006450</subfield>
    <subfield code="n">Hochschule Bielefeld</subfield>
  </datafield>
  <datafield tag="MBD" ind1=" " ind2=" ">
    <subfield code="M">49HBZ_DET</subfield>
    <subfield code="i">991005232849706480</subfield>
    <subfield code="n">Hochschule für Musik Detmold / Lippische Landesbibliothek</subfield>
  </datafield>
  <datafield tag="MBD" ind1=" " ind2=" ">
    <subfield code="M">49HBZ_UBA</subfield>
    <subfield code="i">991003204669706448</subfield>
    <subfield code="n">RWTH Aachen</subfield>
  </datafield>
  <datafield tag="MBD" ind1=" " ind2=" ">
    <subfield code="M">49HBZ_BRIDGE_LBZ</subfield>
    <subfield code="i">99147738007506</subfield>
    <subfield code="n">Rheinische Landesbibliothek Koblenz</subfield>
  </datafield>
  <datafield tag="MBD" ind1=" " ind2=" ">
    <subfield code="M">49HBZ_UBT</subfield>
    <subfield code="i">9927972087706470</subfield>
    <subfield code="n">UB Trier</subfield>
  </datafield>
  <datafield tag="MBD" ind1=" " ind2=" ">
    <subfield code="M">49HBZ_PAD</subfield>
    <subfield code="i">990021579940106463</subfield>
    <subfield code="n">Universitätsbibliothek Paderborn</subfield>
  </datafield>
  <datafield tag="MNG" ind1=" " ind2=" ">
    <subfield code="c">ubt_melchiors######49HBZ_UBT</subfield>
    <subfield code="f">HBZ</subfield>
    <subfield code="i">marc21</subfield>
    <subfield code="h">20230103175100.0</subfield>
    <subfield code="k">01</subfield>
    <subfield code="e">false</subfield>
    <subfield code="d">2023-11-27 14:04:54 Europe/Berlin</subfield>
    <subfield code="g">036759369-HBZ01</subfield>
    <subfield code="j">60</subfield>
    <subfield code="a">import</subfield>
    <subfield code="b">2021-04-05 08:54:25 Europe/Berlin</subfield>
  </datafield>
  <datafield tag="H52" ind1="8" ind2=" ">
    <subfield code="b">EFS</subfield>
    <subfield code="c">EFS_Haupt</subfield>
    <subfield code="h">TVU 23(6)</subfield>
    <subfield code="8">2245981600006451</subfield>
  </datafield>
  <datafield tag="HOL" ind1=" " ind2=" ">
    <subfield code="b">2022-07-19 14:11:37</subfield>
    <subfield code="8">2245981600006451</subfield>
    <subfield code="M">49HBZ_FDO</subfield>
    <subfield code="g">false</subfield>
    <subfield code="a">import</subfield>
  </datafield>
  <datafield tag="ITM" ind1=" " ind2=" ">
    <subfield code="H">2245981600006451</subfield>
    <subfield code="x">EFS_Haupt</subfield>
    <subfield code="f">BOOK</subfield>
    <subfield code="v">EFS_Haupt</subfield>
    <subfield code="p">ZZZ</subfield>
    <subfield code="X">System</subfield>
    <subfield code="U">2022-07-19 12:59:00 Europe/Berlin</subfield>
    <subfield code="Y">2022-07-19 16:12:23 Europe/Berlin</subfield>
    <subfield code="h">false</subfield>
    <subfield code="n">TVU 23(6)</subfield>
    <subfield code="G">1</subfield>
    <subfield code="M">49HBZ_FDO</subfield>
    <subfield code="s">1</subfield>
    <subfield code="d">8</subfield>
    <subfield code="V">import</subfield>
    <subfield code="L">SISIS-Ausleihzähler 2022: 1 | SISIS-Ausleihzähler 2021: 1 | SISIS-Ausleihzähler 2020: 0 | Gesamtausleihen SISIS: 2 | SISIS-Vormerkzähler 2022: 0</subfield>
    <subfield code="b">91055765</subfield>
    <subfield code="N">SISIS-letzte Rückgabe: 2022-06-03 | SISIS-vorletzte Rückgabe: 2021-01-19 | FL-Konditionen: 0 | HT-Nummer des Titelsatzes: HT020566163 | SISIS-Aufnahmedatum: 2021-01-18</subfield>
    <subfield code="a">2345981580006451</subfield>
    <subfield code="c">TVU 23(6)</subfield>
    <subfield code="B">202104-32</subfield>
    <subfield code="W">2022-07-19 16:11:37 Europe/Berlin</subfield>
    <subfield code="u">EFS</subfield>
    <subfield code="w">EFS</subfield>
  </datafield>
  <datafield tag="H52" ind1="8" ind2="1">
    <subfield code="b">I5002</subfield>
    <subfield code="c">IS</subfield>
    <subfield code="h">Tgc4 116:6</subfield>
    <subfield code="8">2260392050006461</subfield>
  </datafield>
  <datafield tag="HOL" ind1=" " ind2=" ">
    <subfield code="d">2022-07-12 17:43:41</subfield>
    <subfield code="8">2260392050006461</subfield>
    <subfield code="b">2022-06-19 11:52:36</subfield>
    <subfield code="M">49HBZ_FSW</subfield>
    <subfield code="g">false</subfield>
    <subfield code="a">import</subfield>
    <subfield code="c">exl_api</subfield>
  </datafield>
  <datafield tag="H52" ind1="8" ind2="1">
    <subfield code="b">I5001</subfield>
    <subfield code="c">HA</subfield>
    <subfield code="h">Tgc4 117:6</subfield>
    <subfield code="8">2260392090006461</subfield>
  </datafield>
  <datafield tag="HOL" ind1=" " ind2=" ">
    <subfield code="d">2022-07-12 15:56:45</subfield>
    <subfield code="8">2260392090006461</subfield>
    <subfield code="b">2022-06-19 11:52:36</subfield>
    <subfield code="M">49HBZ_FSW</subfield>
    <subfield code="g">false</subfield>
    <subfield code="a">import</subfield>
    <subfield code="c">exl_api</subfield>
  </datafield>
  <datafield tag="ITM" ind1=" " ind2=" ">
    <subfield code="H">2260392050006461</subfield>
    <subfield code="x">IS</subfield>
    <subfield code="f">BOOK</subfield>
    <subfield code="v">IS</subfield>
    <subfield code="p">10</subfield>
    <subfield code="X">System</subfield>
    <subfield code="U">2021-03-08 11:59:00 Europe/Berlin</subfield>
    <subfield code="Y">2022-07-20 16:06:27 Europe/Berlin</subfield>
    <subfield code="h">false</subfield>
    <subfield code="n">M/P-Tgc4 116:6</subfield>
    <subfield code="M">49HBZ_FSW</subfield>
    <subfield code="s">1</subfield>
    <subfield code="d">8</subfield>
    <subfield code="V">import</subfield>
    <subfield code="b">1310980-20</subfield>
    <subfield code="N">Z30-CALL-NO-2: Tgc4 116:6</subfield>
    <subfield code="a">2360392010006461</subfield>
    <subfield code="t">4</subfield>
    <subfield code="R">Maintenance count: 001</subfield>
    <subfield code="c">Tgc4 116:6</subfield>
    <subfield code="B">2021/291</subfield>
    <subfield code="D">20210323</subfield>
    <subfield code="W">2021-03-08 01:00:00 Europe/Berlin</subfield>
    <subfield code="u">I5002</subfield>
    <subfield code="w">I5002</subfield>
  </datafield>
  <datafield tag="ITM" ind1=" " ind2=" ">
    <subfield code="H">2260392090006461</subfield>
    <subfield code="x">HA</subfield>
    <subfield code="f">BOOK</subfield>
    <subfield code="v">HA</subfield>
    <subfield code="p">10</subfield>
    <subfield code="X">System</subfield>
    <subfield code="U">2021-02-02 11:59:00 Europe/Berlin</subfield>
    <subfield code="Y">2022-07-20 16:06:19 Europe/Berlin</subfield>
    <subfield code="h">false</subfield>
    <subfield code="n">W-Tgc4 117:6</subfield>
    <subfield code="M">49HBZ_FSW</subfield>
    <subfield code="s">1</subfield>
    <subfield code="d">8</subfield>
    <subfield code="V">import</subfield>
    <subfield code="b">1310980-10</subfield>
    <subfield code="N">Z30-CALL-NO-2: Tgc4 117:6</subfield>
    <subfield code="a">2360392080006461</subfield>
    <subfield code="t">4</subfield>
    <subfield code="c">Tgc4 117:6</subfield>
    <subfield code="B">2021/3211</subfield>
    <subfield code="D">20210225</subfield>
    <subfield code="W">2021-02-02 01:00:00 Europe/Berlin</subfield>
    <subfield code="u">I5001</subfield>
    <subfield code="w">I5001</subfield>
  </datafield>
  <datafield tag="H52" ind1="8" ind2=" ">
    <subfield code="b">F0001</subfield>
    <subfield code="c">00</subfield>
    <subfield code="h">TZH/GOE</subfield>
    <subfield code="8">2288814420006464</subfield>
  </datafield>
  <datafield tag="HOL" ind1=" " ind2=" ">
    <subfield code="d">2023-01-30 10:23:46</subfield>
    <subfield code="8">2288814420006464</subfield>
    <subfield code="b">2022-07-04 10:31:16</subfield>
    <subfield code="M">49HBZ_FUH</subfield>
    <subfield code="g">false</subfield>
    <subfield code="a">import</subfield>
    <subfield code="c">USP000257434</subfield>
  </datafield>
  <datafield tag="H52" ind1="8" ind2=" ">
    <subfield code="b">F0001</subfield>
    <subfield code="c">132</subfield>
    <subfield code="h">TZH/GOE</subfield>
    <subfield code="8">22149161510006464</subfield>
  </datafield>
  <datafield tag="HOL" ind1=" " ind2=" ">
    <subfield code="d">2023-01-30 10:26:01</subfield>
    <subfield code="8">22149161510006464</subfield>
    <subfield code="b">2023-01-30 10:26:00</subfield>
    <subfield code="M">49HBZ_FUH</subfield>
    <subfield code="g">false</subfield>
    <subfield code="a">USP000257434</subfield>
    <subfield code="c">USP000257434</subfield>
  </datafield>
  <datafield tag="ITM" ind1=" " ind2=" ">
    <subfield code="H">22149161510006464</subfield>
    <subfield code="x">132</subfield>
    <subfield code="f">BOOK</subfield>
    <subfield code="v">132</subfield>
    <subfield code="p">42</subfield>
    <subfield code="X">USP000079355</subfield>
    <subfield code="U">2023-01-31 09:57:54 Europe/Berlin</subfield>
    <subfield code="Y">2023-02-01 12:55:00 Europe/Berlin</subfield>
    <subfield code="h">false</subfield>
    <subfield code="n">TZH/GOE</subfield>
    <subfield code="M">49HBZ_FUH</subfield>
    <subfield code="s">0</subfield>
    <subfield code="d">8</subfield>
    <subfield code="V">Acquisition (PO line POL-3034)</subfield>
    <subfield code="b">230052401</subfield>
    <subfield code="a">23149161520006464</subfield>
    <subfield code="c">TZH/GOE</subfield>
    <subfield code="r">LOAN</subfield>
    <subfield code="S">POL-3034</subfield>
    <subfield code="B">23/524</subfield>
    <subfield code="D">2023-01-31 08:57:24</subfield>
    <subfield code="W">2023-01-30 11:24:08 Europe/Berlin</subfield>
    <subfield code="u">F0001</subfield>
    <subfield code="w">F0001</subfield>
  </datafield>
  <datafield tag="ITM" ind1=" " ind2=" ">
    <subfield code="H">2288814420006464</subfield>
    <subfield code="x">00</subfield>
    <subfield code="f">BOOK</subfield>
    <subfield code="v">00</subfield>
    <subfield code="p">10</subfield>
    <subfield code="X">USP000257434</subfield>
    <subfield code="U">2020-10-27 11:59:00 Europe/Berlin</subfield>
    <subfield code="Y">2023-01-30 11:23:45 Europe/Berlin</subfield>
    <subfield code="h">false</subfield>
    <subfield code="n">TZH/GOE</subfield>
    <subfield code="P">12///</subfield>
    <subfield code="M">49HBZ_FUH</subfield>
    <subfield code="s">0</subfield>
    <subfield code="d">8</subfield>
    <subfield code="V">import</subfield>
    <subfield code="b">210005301</subfield>
    <subfield code="a">2388814410006464</subfield>
    <subfield code="R">Maintenance count: 004</subfield>
    <subfield code="c">TZH/GOE</subfield>
    <subfield code="r">LOAN</subfield>
    <subfield code="S">FUH-110145</subfield>
    <subfield code="B">21/53</subfield>
    <subfield code="D">20201229</subfield>
    <subfield code="W">2020-10-27 01:00:00 Europe/Berlin</subfield>
    <subfield code="u">F0001</subfield>
    <subfield code="w">F0001</subfield>
  </datafield>
  <datafield tag="ITM" ind1=" " ind2=" ">
    <subfield code="H">2288814420006464</subfield>
    <subfield code="x">00</subfield>
    <subfield code="f">BOOK</subfield>
    <subfield code="v">00</subfield>
    <subfield code="p">10</subfield>
    <subfield code="X">USP000289095</subfield>
    <subfield code="U">2021-06-09 12:59:00 Europe/Berlin</subfield>
    <subfield code="Y">2023-02-08 14:06:12 Europe/Berlin</subfield>
    <subfield code="h">false</subfield>
    <subfield code="n">TZH/GOE</subfield>
    <subfield code="P">27///</subfield>
    <subfield code="M">49HBZ_FUH</subfield>
    <subfield code="s">1</subfield>
    <subfield code="d">8</subfield>
    <subfield code="V">import</subfield>
    <subfield code="b">210359701</subfield>
    <subfield code="a">2388814400006464</subfield>
    <subfield code="R">Maintenance count: 003</subfield>
    <subfield code="c">TZH/GOE</subfield>
    <subfield code="S">FUH-113836</subfield>
    <subfield code="B">21/3597</subfield>
    <subfield code="D">20210611</subfield>
    <subfield code="W">2021-06-09 02:00:00 Europe/Berlin</subfield>
    <subfield code="u">F0001</subfield>
    <subfield code="w">F0001</subfield>
  </datafield>
  <datafield tag="H52" ind1="0" ind2=" ">
    <subfield code="b">R5004</subfield>
    <subfield code="c">00005</subfield>
    <subfield code="h">M 8.0 166(6)</subfield>
    <subfield code="8">229130140007831</subfield>
  </datafield>
  <datafield tag="HOL" ind1=" " ind2=" ">
    <subfield code="d">2023-11-29 05:51:16</subfield>
    <subfield code="8">229130140007831</subfield>
    <subfield code="b">2023-11-29 05:51:16</subfield>
    <subfield code="M">49HBZ_BRIDGE_HSW</subfield>
    <subfield code="g">false</subfield>
    <subfield code="a">System</subfield>
    <subfield code="c">System</subfield>
  </datafield>
  <datafield tag="ITM" ind1=" " ind2=" ">
    <subfield code="H">229130140007831</subfield>
    <subfield code="x">00005</subfield>
    <subfield code="f">BOOK</subfield>
    <subfield code="v">00005</subfield>
    <subfield code="p">00</subfield>
    <subfield code="X">System</subfield>
    <subfield code="Y">2020-10-13 02:00:00 Europe/Berlin</subfield>
    <subfield code="n">M 8.0 166(6)</subfield>
    <subfield code="M">49HBZ_BRIDGE_HSW</subfield>
    <subfield code="s">1</subfield>
    <subfield code="d">0</subfield>
    <subfield code="V">System</subfield>
    <subfield code="b">WO112419</subfield>
    <subfield code="a">239130120007831</subfield>
    <subfield code="c">M 8.0 166(6)</subfield>
    <subfield code="B">21/0222</subfield>
    <subfield code="D">20210330</subfield>
    <subfield code="W">2023-11-29 06:51:17 Europe/Berlin</subfield>
    <subfield code="u">R5004</subfield>
    <subfield code="w">R5004</subfield>
  </datafield>
  <datafield tag="H52" ind1="8" ind2=" ">
    <subfield code="b">EUP</subfield>
    <subfield code="c">EUP_Frei</subfield>
    <subfield code="h">21 TVU 44(6)</subfield>
    <subfield code="8">2283149020006444</subfield>
  </datafield>
  <datafield tag="HOL" ind1=" " ind2=" ">
    <subfield code="b">2021-04-20 15:45:12</subfield>
    <subfield code="8">2283149020006444</subfield>
    <subfield code="M">49HBZ_FHA</subfield>
    <subfield code="g">false</subfield>
    <subfield code="a">import</subfield>
  </datafield>
  <datafield tag="ITM" ind1=" " ind2=" ">
    <subfield code="H">2283149020006444</subfield>
    <subfield code="x">EUP_Frei</subfield>
    <subfield code="f">BOOK</subfield>
    <subfield code="v">EUP_Frei</subfield>
    <subfield code="X">tielmann</subfield>
    <subfield code="U">2021-04-20 12:59:00 Europe/Berlin</subfield>
    <subfield code="Y">2023-11-20 14:26:19 Europe/Berlin</subfield>
    <subfield code="h">false</subfield>
    <subfield code="P">ClassificationNo: 1302</subfield>
    <subfield code="G">1</subfield>
    <subfield code="Q">Fernleihkonditionen: 0</subfield>
    <subfield code="M">49HBZ_FHA</subfield>
    <subfield code="s">0</subfield>
    <subfield code="d">8</subfield>
    <subfield code="V">import</subfield>
    <subfield code="b">21 TVU 44(6)</subfield>
    <subfield code="O">SISIS-Ausleihzähler Migrationsjahr: 1 | SISIS-Ausleihzähler Vor-Migrationsjahr: 0 | SISIS-Ausleihzähler vorletztes Migrationsjahr: 0 | SISIS-Vormerkzähler Migrationsjahr: 0</subfield>
    <subfield code="N">SISIS-Buchdaten-Aufnahmedatum: 2021-01-20 | Altersbegrenzung: 0</subfield>
    <subfield code="a">2383149010006444</subfield>
    <subfield code="c">21 TVU 44(6)</subfield>
    <subfield code="r">LOAN</subfield>
    <subfield code="B">21/38</subfield>
    <subfield code="W">2021-04-20 17:45:12 Europe/Berlin</subfield>
    <subfield code="u">EUP</subfield>
    <subfield code="w">EUP</subfield>
  </datafield>
  <datafield tag="H52" ind1="8" ind2=" ">
    <subfield code="b">40</subfield>
    <subfield code="c">CB_FreiE-3</subfield>
    <subfield code="8">2231459450006450</subfield>
  </datafield>
  <datafield tag="HOL" ind1=" " ind2=" ">
    <subfield code="d">2023-11-14 13:40:30</subfield>
    <subfield code="8">2231459450006450</subfield>
    <subfield code="b">2023-11-14 13:40:30</subfield>
    <subfield code="M">49HBZ_HBI</subfield>
    <subfield code="g">false</subfield>
    <subfield code="a">Acquisition (PO line HBI-23-3529)</subfield>
    <subfield code="c">1005689</subfield>
  </datafield>
  <datafield tag="ITM" ind1=" " ind2=" ">
    <subfield code="H">2231459450006450</subfield>
    <subfield code="x">CB_FreiE-3</subfield>
    <subfield code="f">BOOK</subfield>
    <subfield code="v">CB_FreiE-3</subfield>
    <subfield code="X">System</subfield>
    <subfield code="Y">2023-11-14 14:41:32 Europe/Berlin</subfield>
    <subfield code="M">49HBZ_HBI</subfield>
    <subfield code="s">0</subfield>
    <subfield code="d">8</subfield>
    <subfield code="V">Acquisition (PO line HBI-23-3529)</subfield>
    <subfield code="a">2331459440006450</subfield>
    <subfield code="r">ACQ</subfield>
    <subfield code="S">HBI-23-3529</subfield>
    <subfield code="W">2023-11-14 14:40:30 Europe/Berlin</subfield>
    <subfield code="u">40</subfield>
    <subfield code="w">40</subfield>
  </datafield>
  <datafield tag="H52" ind1="8" ind2=" ">
    <subfield code="b">LLB</subfield>
    <subfield code="c">LLB_Freih</subfield>
    <subfield code="h">TVU 133</subfield>
    <subfield code="8">22102923140006480</subfield>
  </datafield>
  <datafield tag="HOL" ind1=" " ind2=" ">
    <subfield code="b">2023-08-14 15:31:25</subfield>
    <subfield code="8">22102923140006480</subfield>
    <subfield code="M">49HBZ_DET</subfield>
    <subfield code="g">false</subfield>
    <subfield code="a">import</subfield>
  </datafield>
  <datafield tag="ITM" ind1=" " ind2=" ">
    <subfield code="H">22102923140006480</subfield>
    <subfield code="x">LLB_Freih</subfield>
    <subfield code="f">BOOK</subfield>
    <subfield code="v">LLB_Freih</subfield>
    <subfield code="p">ausleihbar</subfield>
    <subfield code="X">System</subfield>
    <subfield code="U">2023-08-14 12:59:00 Europe/Berlin</subfield>
    <subfield code="Y">2023-08-16 21:24:21 Europe/Berlin</subfield>
    <subfield code="h">false</subfield>
    <subfield code="n">TVU 133</subfield>
    <subfield code="G">1</subfield>
    <subfield code="M">49HBZ_DET</subfield>
    <subfield code="s">1</subfield>
    <subfield code="d">8</subfield>
    <subfield code="V">import</subfield>
    <subfield code="L">AnzBeil: 1</subfield>
    <subfield code="b">05895179</subfield>
    <subfield code="O">BuchdatAufn: 2021-06-15 | Sigel: 51 | HBZ01: HT020566163 | Fernleihkonditionen: 0</subfield>
    <subfield code="N">Syst: 28 | vorlRückg: 2023-07-06</subfield>
    <subfield code="a">23102923130006480</subfield>
    <subfield code="R">Ausl23: 2 | Ausl22: 0 | Ausl21: 2 | Vorm23: 0</subfield>
    <subfield code="c">TVU 133</subfield>
    <subfield code="B">M21-982</subfield>
    <subfield code="W">2023-08-14 17:31:25 Europe/Berlin</subfield>
    <subfield code="u">LLB</subfield>
    <subfield code="w">LLB</subfield>
  </datafield>
  <datafield tag="H52" ind1="8" ind2=" ">
    <subfield code="b">LBS</subfield>
    <subfield code="c">0</subfield>
    <subfield code="8">22246521540006448</subfield>
  </datafield>
  <datafield tag="HOL" ind1=" " ind2=" ">
    <subfield code="b">2022-07-20 22:24:06</subfield>
    <subfield code="8">22246521540006448</subfield>
    <subfield code="M">49HBZ_UBA</subfield>
    <subfield code="g">false</subfield>
    <subfield code="a">import</subfield>
  </datafield>
  <datafield tag="H52" ind1="8" ind2=" ">
    <subfield code="b">IZ</subfield>
    <subfield code="c">0</subfield>
    <subfield code="8">22246521480006448</subfield>
  </datafield>
  <datafield tag="HOL" ind1=" " ind2=" ">
    <subfield code="b">2022-07-20 22:24:06</subfield>
    <subfield code="8">22246521480006448</subfield>
    <subfield code="M">49HBZ_UBA</subfield>
    <subfield code="g">false</subfield>
    <subfield code="a">import</subfield>
  </datafield>
  <datafield tag="ITM" ind1=" " ind2=" ">
    <subfield code="H">22246521540006448</subfield>
    <subfield code="x">0</subfield>
    <subfield code="f">BOOK</subfield>
    <subfield code="v">0</subfield>
    <subfield code="p">Lehrbuch</subfield>
    <subfield code="X">System</subfield>
    <subfield code="U">2022-07-20 12:59:00 Europe/Berlin</subfield>
    <subfield code="Y">2022-07-21 00:24:49 Europe/Berlin</subfield>
    <subfield code="h">false</subfield>
    <subfield code="n">01:ST 300 0001+6</subfield>
    <subfield code="G">1</subfield>
    <subfield code="M">49HBZ_UBA</subfield>
    <subfield code="s">1</subfield>
    <subfield code="d">8</subfield>
    <subfield code="V">import</subfield>
    <subfield code="L">Magazinetage: 0</subfield>
    <subfield code="b">ST 300 0001+6=1</subfield>
    <subfield code="O">Ausleihzähler Migrationsjahr: 0 | Ausleihzähler Vor-Migrationsjahr: 0 | Ausleihzähler vorletztes Migrationsjahr: 0 | Vormerkzähler Migrationsjahr: 0 | Buchdaten-Aufnahmedatum: 2021-01-27</subfield>
    <subfield code="N">Fernleihkonditionen: 3</subfield>
    <subfield code="a">23246521530006448</subfield>
    <subfield code="t">8</subfield>
    <subfield code="W">2022-07-21 00:24:06 Europe/Berlin</subfield>
    <subfield code="u">LBS</subfield>
    <subfield code="w">LBS</subfield>
  </datafield>
  <datafield tag="ITM" ind1=" " ind2=" ">
    <subfield code="H">22246521540006448</subfield>
    <subfield code="x">0</subfield>
    <subfield code="f">BOOK</subfield>
    <subfield code="v">0</subfield>
    <subfield code="p">Lehrbuch</subfield>
    <subfield code="X">System</subfield>
    <subfield code="U">2022-07-20 12:59:00 Europe/Berlin</subfield>
    <subfield code="Y">2022-07-21 00:24:49 Europe/Berlin</subfield>
    <subfield code="h">false</subfield>
    <subfield code="n">01:ST 300 0001+6</subfield>
    <subfield code="G">1</subfield>
    <subfield code="M">49HBZ_UBA</subfield>
    <subfield code="s">1</subfield>
    <subfield code="d">8</subfield>
    <subfield code="V">import</subfield>
    <subfield code="L">Magazinetage: 0</subfield>
    <subfield code="b">ST 300 0001+6=4</subfield>
    <subfield code="O">Ausleihzähler Migrationsjahr: 0 | Ausleihzähler Vor-Migrationsjahr: 0 | Ausleihzähler vorletztes Migrationsjahr: 0 | Vormerkzähler Migrationsjahr: 0 | Buchdaten-Aufnahmedatum: 2021-01-27</subfield>
    <subfield code="N">Fernleihkonditionen: 3</subfield>
    <subfield code="a">23246521500006448</subfield>
    <subfield code="t">8</subfield>
    <subfield code="W">2022-07-21 00:24:06 Europe/Berlin</subfield>
    <subfield code="u">LBS</subfield>
    <subfield code="w">LBS</subfield>
  </datafield>
  <datafield tag="ITM" ind1=" " ind2=" ">
    <subfield code="H">22246521540006448</subfield>
    <subfield code="x">0</subfield>
    <subfield code="f">BOOK</subfield>
    <subfield code="v">0</subfield>
    <subfield code="p">Lehrbuch</subfield>
    <subfield code="X">System</subfield>
    <subfield code="U">2022-07-20 12:59:00 Europe/Berlin</subfield>
    <subfield code="Y">2022-07-21 00:24:49 Europe/Berlin</subfield>
    <subfield code="h">false</subfield>
    <subfield code="n">01:ST 300 0001+6</subfield>
    <subfield code="G">1</subfield>
    <subfield code="M">49HBZ_UBA</subfield>
    <subfield code="s">1</subfield>
    <subfield code="d">8</subfield>
    <subfield code="V">import</subfield>
    <subfield code="L">Magazinetage: 0</subfield>
    <subfield code="b">ST 300 0001+6=3</subfield>
    <subfield code="O">Ausleihzähler Migrationsjahr: 0 | Ausleihzähler Vor-Migrationsjahr: 0 | Ausleihzähler vorletztes Migrationsjahr: 0 | Vormerkzähler Migrationsjahr: 0 | Buchdaten-Aufnahmedatum: 2021-01-27</subfield>
    <subfield code="N">Fernleihkonditionen: 3</subfield>
    <subfield code="a">23246521510006448</subfield>
    <subfield code="t">8</subfield>
    <subfield code="W">2022-07-21 00:24:06 Europe/Berlin</subfield>
    <subfield code="u">LBS</subfield>
    <subfield code="w">LBS</subfield>
  </datafield>
  <datafield tag="ITM" ind1=" " ind2=" ">
    <subfield code="H">22246521540006448</subfield>
    <subfield code="x">0</subfield>
    <subfield code="f">BOOK</subfield>
    <subfield code="v">0</subfield>
    <subfield code="p">Lehrbuch</subfield>
    <subfield code="X">System</subfield>
    <subfield code="U">2022-07-20 12:59:00 Europe/Berlin</subfield>
    <subfield code="Y">2022-07-21 00:24:49 Europe/Berlin</subfield>
    <subfield code="h">false</subfield>
    <subfield code="n">01:ST 300 0001+6</subfield>
    <subfield code="G">1</subfield>
    <subfield code="M">49HBZ_UBA</subfield>
    <subfield code="s">1</subfield>
    <subfield code="d">8</subfield>
    <subfield code="V">import</subfield>
    <subfield code="L">Magazinetage: 0</subfield>
    <subfield code="b">ST 300 0001+6=2</subfield>
    <subfield code="O">Ausleihzähler Migrationsjahr: 0 | Ausleihzähler Vor-Migrationsjahr: 0 | Ausleihzähler vorletztes Migrationsjahr: 0 | Vormerkzähler Migrationsjahr: 0 | Buchdaten-Aufnahmedatum: 2021-01-27</subfield>
    <subfield code="N">Fernleihkonditionen: 3</subfield>
    <subfield code="a">23246521520006448</subfield>
    <subfield code="t">8</subfield>
    <subfield code="W">2022-07-21 00:24:06 Europe/Berlin</subfield>
    <subfield code="u">LBS</subfield>
    <subfield code="w">LBS</subfield>
  </datafield>
  <datafield tag="ITM" ind1=" " ind2=" ">
    <subfield code="H">22246521480006448</subfield>
    <subfield code="x">0</subfield>
    <subfield code="f">BOOK</subfield>
    <subfield code="v">0</subfield>
    <subfield code="p">Kurzausleihe</subfield>
    <subfield code="X">System</subfield>
    <subfield code="U">2022-07-20 12:59:00 Europe/Berlin</subfield>
    <subfield code="Y">2022-07-21 00:24:49 Europe/Berlin</subfield>
    <subfield code="h">false</subfield>
    <subfield code="J">Nur Kurzausleihe (1 Tag!)</subfield>
    <subfield code="n">FNT:ST 300 0001+6</subfield>
    <subfield code="G">1</subfield>
    <subfield code="M">49HBZ_UBA</subfield>
    <subfield code="s">1</subfield>
    <subfield code="d">8</subfield>
    <subfield code="V">import</subfield>
    <subfield code="L">Alternative Signatur: ST 300 0001+6 | Magazinetage: 0</subfield>
    <subfield code="b">FNT:ST 300 0001+6</subfield>
    <subfield code="O">Ausleihzähler Migrationsjahr: 0 | Ausleihzähler Vor-Migrationsjahr: 0 | Ausleihzähler vorletztes Migrationsjahr: 0 | Vormerkzähler Migrationsjahr: 0 | Buchdaten-Aufnahmedatum: 2021-01-27</subfield>
    <subfield code="N">Fernleihkonditionen: 3</subfield>
    <subfield code="a">23246521470006448</subfield>
    <subfield code="t">8</subfield>
    <subfield code="B">2021-656</subfield>
    <subfield code="W">2022-07-21 00:24:06 Europe/Berlin</subfield>
    <subfield code="u">IZ</subfield>
    <subfield code="w">IZ</subfield>
  </datafield>
  <datafield tag="ITM" ind1=" " ind2=" ">
    <subfield code="H">22246521540006448</subfield>
    <subfield code="x">0</subfield>
    <subfield code="f">BOOK</subfield>
    <subfield code="v">0</subfield>
    <subfield code="p">Lehrbuch</subfield>
    <subfield code="X">System</subfield>
    <subfield code="U">2022-07-20 12:59:00 Europe/Berlin</subfield>
    <subfield code="Y">2022-07-21 00:24:49 Europe/Berlin</subfield>
    <subfield code="h">false</subfield>
    <subfield code="n">01:ST 300 0001+6</subfield>
    <subfield code="G">1</subfield>
    <subfield code="M">49HBZ_UBA</subfield>
    <subfield code="s">1</subfield>
    <subfield code="d">8</subfield>
    <subfield code="V">import</subfield>
    <subfield code="L">Magazinetage: 0</subfield>
    <subfield code="b">ST 300 0001+6=5</subfield>
    <subfield code="O">Ausleihzähler Migrationsjahr: 0 | Ausleihzähler Vor-Migrationsjahr: 0 | Ausleihzähler vorletztes Migrationsjahr: 0 | Vormerkzähler Migrationsjahr: 0 | Buchdaten-Aufnahmedatum: 2021-01-27</subfield>
    <subfield code="N">Fernleihkonditionen: 3</subfield>
    <subfield code="a">23246521490006448</subfield>
    <subfield code="t">8</subfield>
    <subfield code="W">2022-07-21 00:24:06 Europe/Berlin</subfield>
    <subfield code="u">LBS</subfield>
    <subfield code="w">LBS</subfield>
  </datafield>
  <datafield tag="H52" ind1="0" ind2=" ">
    <subfield code="b">R0001</subfield>
    <subfield code="c">00000001</subfield>
    <subfield code="h">Präsenz = 828/H/HAN-21</subfield>
    <subfield code="8">2292170170007506</subfield>
  </datafield>
  <datafield tag="HOL" ind1=" " ind2=" ">
    <subfield code="d">2023-11-29 05:50:52</subfield>
    <subfield code="8">2292170170007506</subfield>
    <subfield code="b">2023-11-29 05:50:52</subfield>
    <subfield code="M">49HBZ_BRIDGE_LBZ</subfield>
    <subfield code="g">false</subfield>
    <subfield code="a">System</subfield>
    <subfield code="c">System</subfield>
  </datafield>
  <datafield tag="ITM" ind1=" " ind2=" ">
    <subfield code="H">2292170170007506</subfield>
    <subfield code="x">00000001</subfield>
    <subfield code="f">BOOK</subfield>
    <subfield code="v">00000001</subfield>
    <subfield code="p">04</subfield>
    <subfield code="X">System</subfield>
    <subfield code="Y">2021-06-24 02:00:00 Europe/Berlin</subfield>
    <subfield code="n">Präsenz = 828/H/HAN-21</subfield>
    <subfield code="M">49HBZ_BRIDGE_LBZ</subfield>
    <subfield code="s">1</subfield>
    <subfield code="d">0</subfield>
    <subfield code="V">System</subfield>
    <subfield code="b">07782981</subfield>
    <subfield code="a">2392170150007506</subfield>
    <subfield code="c">Präsenz = 828/H/HAN-21</subfield>
    <subfield code="W">2023-11-29 06:50:52 Europe/Berlin</subfield>
    <subfield code="u">R0001</subfield>
    <subfield code="w">R0001</subfield>
  </datafield>
  <datafield tag="H52" ind1="8" ind2=" ">
    <subfield code="b">T0011</subfield>
    <subfield code="c">72</subfield>
    <subfield code="h">QA/f7285(6)</subfield>
    <subfield code="8">22374077770006470</subfield>
  </datafield>
  <datafield tag="HOL" ind1=" " ind2=" ">
    <subfield code="d">2023-11-27 13:09:58</subfield>
    <subfield code="8">22374077770006470</subfield>
    <subfield code="b">2023-11-27 13:09:04</subfield>
    <subfield code="M">49HBZ_UBT</subfield>
    <subfield code="g">false</subfield>
    <subfield code="a">ubt_melchiors</subfield>
    <subfield code="c">ubt_melchiors</subfield>
  </datafield>
  <datafield tag="ITM" ind1=" " ind2=" ">
    <subfield code="H">22374077770006470</subfield>
    <subfield code="x">72</subfield>
    <subfield code="f">BOOK</subfield>
    <subfield code="v">72</subfield>
    <subfield code="p">22</subfield>
    <subfield code="X">ubt_melchiors</subfield>
    <subfield code="U">2023-11-17 14:08:52 Europe/Berlin</subfield>
    <subfield code="Y">2023-11-27 14:09:58 Europe/Berlin</subfield>
    <subfield code="n">QA/f7285(6)</subfield>
    <subfield code="P">000</subfield>
    <subfield code="G">1</subfield>
    <subfield code="Q">12</subfield>
    <subfield code="M">49HBZ_UBT</subfield>
    <subfield code="s">0</subfield>
    <subfield code="d">8</subfield>
    <subfield code="V">Acquisition (PO line BE23-4479)</subfield>
    <subfield code="b">0179.7878.76</subfield>
    <subfield code="a">23372507750006470</subfield>
    <subfield code="t">8</subfield>
    <subfield code="c">QA/f7285(6)</subfield>
    <subfield code="r">WORK_ORDER_DEPARTMENT</subfield>
    <subfield code="S">BE23-4479</subfield>
    <subfield code="B">23-2016</subfield>
    <subfield code="D">2023-11-17 13:08:52</subfield>
    <subfield code="W">2023-10-04 08:11:16 Europe/Berlin</subfield>
    <subfield code="u">T0011</subfield>
    <subfield code="w">T0011</subfield>
  </datafield>
  <datafield tag="ITM" ind1=" " ind2=" ">
    <subfield code="H">22374077770006470</subfield>
    <subfield code="x">72</subfield>
    <subfield code="f">BOOK</subfield>
    <subfield code="v">72</subfield>
    <subfield code="p">22</subfield>
    <subfield code="X">ubt_melchiors</subfield>
    <subfield code="U">2023-11-17 14:13:54 Europe/Berlin</subfield>
    <subfield code="Y">2023-11-27 14:13:55 Europe/Berlin</subfield>
    <subfield code="n">QA/f7285(6):a</subfield>
    <subfield code="P">000</subfield>
    <subfield code="G">1</subfield>
    <subfield code="Q">12</subfield>
    <subfield code="M">49HBZ_UBT</subfield>
    <subfield code="s">0</subfield>
    <subfield code="d">8</subfield>
    <subfield code="V">Acquisition (PO line BE23-4479)</subfield>
    <subfield code="b">0179.7879.74</subfield>
    <subfield code="a">23372507760006470</subfield>
    <subfield code="t">8</subfield>
    <subfield code="c">QA/f7285(6)</subfield>
    <subfield code="r">WORK_ORDER_DEPARTMENT</subfield>
    <subfield code="S">BE23-4479</subfield>
    <subfield code="B">23-2016</subfield>
    <subfield code="D">2023-11-17 13:13:53</subfield>
    <subfield code="W">2023-10-04 08:11:16 Europe/Berlin</subfield>
    <subfield code="u">T0011</subfield>
    <subfield code="w">T0011</subfield>
  </datafield>
  <datafield tag="ITM" ind1=" " ind2=" ">
    <subfield code="H">22374077770006470</subfield>
    <subfield code="x">72</subfield>
    <subfield code="f">BOOK</subfield>
    <subfield code="v">72</subfield>
    <subfield code="p">22</subfield>
    <subfield code="X">ubt_wagner</subfield>
    <subfield code="U">2023-11-17 14:15:54 Europe/Berlin</subfield>
    <subfield code="Y">2023-11-29 16:05:51 Europe/Berlin</subfield>
    <subfield code="n">QA/f7285(6):b</subfield>
    <subfield code="P">000</subfield>
    <subfield code="G">1</subfield>
    <subfield code="Q">12</subfield>
    <subfield code="M">49HBZ_UBT</subfield>
    <subfield code="s">1</subfield>
    <subfield code="d">8</subfield>
    <subfield code="V">Acquisition (PO line BE23-4479)</subfield>
    <subfield code="b">0179.7880.89</subfield>
    <subfield code="a">23372507770006470</subfield>
    <subfield code="t">8</subfield>
    <subfield code="c">QA/f7285(6)</subfield>
    <subfield code="S">BE23-4479</subfield>
    <subfield code="B">23-2016</subfield>
    <subfield code="D">2023-11-17 13:15:54</subfield>
    <subfield code="W">2023-10-04 08:09:08 Europe/Berlin</subfield>
    <subfield code="u">T0011</subfield>
    <subfield code="w">T0011</subfield>
  </datafield>
  <datafield tag="H52" ind1="8" ind2=" ">
    <subfield code="b">P0001</subfield>
    <subfield code="c">41</subfield>
    <subfield code="8">22127662720006463</subfield>
  </datafield>
  <datafield tag="HOL" ind1=" " ind2=" ">
    <subfield code="b">2022-07-14 09:16:48</subfield>
    <subfield code="8">22127662720006463</subfield>
    <subfield code="M">49HBZ_PAD</subfield>
    <subfield code="g">false</subfield>
    <subfield code="a">import</subfield>
  </datafield>
  <datafield tag="H52" ind1="8" ind2=" ">
    <subfield code="b">P0001</subfield>
    <subfield code="c">40</subfield>
    <subfield code="8">22127662750006463</subfield>
  </datafield>
  <datafield tag="HOL" ind1=" " ind2=" ">
    <subfield code="b">2022-07-14 09:16:48</subfield>
    <subfield code="8">22127662750006463</subfield>
    <subfield code="M">49HBZ_PAD</subfield>
    <subfield code="g">false</subfield>
    <subfield code="a">import</subfield>
  </datafield>
  <datafield tag="ITM" ind1=" " ind2=" ">
    <subfield code="H">22127662750006463</subfield>
    <subfield code="x">40</subfield>
    <subfield code="f">BOOK</subfield>
    <subfield code="v">40</subfield>
    <subfield code="p">30</subfield>
    <subfield code="X">System</subfield>
    <subfield code="U">2020-08-31 12:59:00 Europe/Berlin</subfield>
    <subfield code="Y">2022-07-14 11:17:33 Europe/Berlin</subfield>
    <subfield code="h">false</subfield>
    <subfield code="n">TVU3954(6)</subfield>
    <subfield code="P">46///</subfield>
    <subfield code="M">49HBZ_PAD</subfield>
    <subfield code="s">1</subfield>
    <subfield code="d">8</subfield>
    <subfield code="V">import</subfield>
    <subfield code="b">TVU3954(6)</subfield>
    <subfield code="a">23127662730006463</subfield>
    <subfield code="t">8</subfield>
    <subfield code="S">M-20-4382</subfield>
    <subfield code="B">21/217</subfield>
    <subfield code="D">20210107</subfield>
    <subfield code="W">2020-08-31 02:00:00 Europe/Berlin</subfield>
    <subfield code="u">P0001</subfield>
    <subfield code="w">P0001</subfield>
  </datafield>
  <datafield tag="ITM" ind1=" " ind2=" ">
    <subfield code="H">22127662720006463</subfield>
    <subfield code="x">41</subfield>
    <subfield code="f">BOOK</subfield>
    <subfield code="v">41</subfield>
    <subfield code="p">20</subfield>
    <subfield code="X">System</subfield>
    <subfield code="U">2020-08-31 12:59:00 Europe/Berlin</subfield>
    <subfield code="Y">2022-07-14 11:17:33 Europe/Berlin</subfield>
    <subfield code="h">false</subfield>
    <subfield code="n">TVU3954(6)+2</subfield>
    <subfield code="P">46///</subfield>
    <subfield code="M">49HBZ_PAD</subfield>
    <subfield code="s">1</subfield>
    <subfield code="d">8</subfield>
    <subfield code="V">import</subfield>
    <subfield code="b">TVU3954(6)+2</subfield>
    <subfield code="a">23127662680006463</subfield>
    <subfield code="t">8</subfield>
    <subfield code="R">Maintenance count: 001</subfield>
    <subfield code="S">M-20-4382</subfield>
    <subfield code="B">21/219</subfield>
    <subfield code="D">20210107</subfield>
    <subfield code="W">2020-08-31 02:00:00 Europe/Berlin</subfield>
    <subfield code="u">P0001</subfield>
    <subfield code="w">P0001</subfield>
  </datafield>
  <datafield tag="ITM" ind1=" " ind2=" ">
    <subfield code="H">22127662720006463</subfield>
    <subfield code="x">41</subfield>
    <subfield code="f">BOOK</subfield>
    <subfield code="v">41</subfield>
    <subfield code="p">20</subfield>
    <subfield code="X">System</subfield>
    <subfield code="U">2020-08-31 12:59:00 Europe/Berlin</subfield>
    <subfield code="Y">2023-11-03 15:27:10 Europe/Berlin</subfield>
    <subfield code="h">false</subfield>
    <subfield code="n">TVU3954(6)+1</subfield>
    <subfield code="P">46///</subfield>
    <subfield code="M">49HBZ_PAD</subfield>
    <subfield code="s">0</subfield>
    <subfield code="d">8</subfield>
    <subfield code="V">import</subfield>
    <subfield code="b">TVU3954(6)+1</subfield>
    <subfield code="a">23127662690006463</subfield>
    <subfield code="t">8</subfield>
    <subfield code="R">Maintenance count: 003</subfield>
    <subfield code="r">LOAN</subfield>
    <subfield code="S">M-20-4382</subfield>
    <subfield code="B">21/218</subfield>
    <subfield code="D">20210107</subfield>
    <subfield code="W">2020-08-31 02:00:00 Europe/Berlin</subfield>
    <subfield code="u">P0001</subfield>
    <subfield code="w">P0001</subfield>
  </datafield>
  <datafield tag="GSI" ind1="7" ind2=" ">
    <subfield code="a">1228828717</subfield>
    <subfield code="0">http://d-nb.info/gnd/1228828717</subfield>
    <subfield code="2">gnd</subfield>
    <subfield code="A">GND</subfield>
    <subfield code="B">GND-1228828717</subfield>
    <subfield code="C">024</subfield>
  </datafield>
  <datafield tag="GPN" ind1="1" ind2=" ">
    <subfield code="a">Schmid, Ute Maria</subfield>
    <subfield code="d">1965-</subfield>
    <subfield code="4">navo</subfield>
    <subfield code="4">https://d-nb.info/standards/elementset/gnd#FullerFormOfNameOfThePerson</subfield>
    <subfield code="w">r</subfield>
    <subfield code="i">Vollstaendiger Name</subfield>
    <subfield code="e">Vollstaendiger Name</subfield>
    <subfield code="A">GND</subfield>
    <subfield code="B">GND-1018194363</subfield>
    <subfield code="C">400</subfield>
  </datafield>
  <datafield tag="GSI" ind1="7" ind2=" ">
    <subfield code="a">1018194363</subfield>
    <subfield code="0">http://d-nb.info/gnd/1018194363</subfield>
    <subfield code="2">gnd</subfield>
    <subfield code="A">GND</subfield>
    <subfield code="B">GND-1018194363</subfield>
    <subfield code="C">024</subfield>
  </datafield>
  <datafield tag="GSI" ind1="7" ind2=" ">
    <subfield code="a">0000-0002-1301-0326</subfield>
    <subfield code="2">orcid</subfield>
    <subfield code="A">GND</subfield>
    <subfield code="B">GND-1018194363</subfield>
    <subfield code="C">024</subfield>
  </datafield>
  <datafield tag="GPN" ind1="1" ind2=" ">
    <subfield code="a">Görz, Günter</subfield>
    <subfield code="d">1947-</subfield>
    <subfield code="A">GND</subfield>
    <subfield code="B">GND-10853572X</subfield>
    <subfield code="C">400</subfield>
  </datafield>
  <datafield tag="GPN" ind1="1" ind2=" ">
    <subfield code="a">Görz, G.</subfield>
    <subfield code="d">1947-</subfield>
    <subfield code="A">GND</subfield>
    <subfield code="B">GND-10853572X</subfield>
    <subfield code="C">400</subfield>
  </datafield>
  <datafield tag="GPN" ind1="1" ind2=" ">
    <subfield code="a">Goerz, G.</subfield>
    <subfield code="d">1947-</subfield>
    <subfield code="A">GND</subfield>
    <subfield code="B">GND-10853572X</subfield>
    <subfield code="C">400</subfield>
  </datafield>
  <datafield tag="GSI" ind1="7" ind2=" ">
    <subfield code="a">10853572X</subfield>
    <subfield code="0">http://d-nb.info/gnd/10853572X</subfield>
    <subfield code="2">gnd</subfield>
    <subfield code="A">GND</subfield>
    <subfield code="B">GND-10853572X</subfield>
    <subfield code="C">024</subfield>
  </datafield>
  <datafield tag="GSI" ind1="7" ind2=" ">
    <subfield code="a">0000-0001-7769-3050</subfield>
    <subfield code="9">v:Herkunft: mm001</subfield>
    <subfield code="2">orcid</subfield>
    <subfield code="A">GND</subfield>
    <subfield code="B">GND-10853572X</subfield>
    <subfield code="C">024</subfield>
  </datafield>
  <datafield tag="GST" ind1=" " ind2=" ">
    <subfield code="a">Artificial intelligence</subfield>
    <subfield code="A">GND</subfield>
    <subfield code="B">GND-040334473</subfield>
    <subfield code="C">450</subfield>
  </datafield>
  <datafield tag="GST" ind1=" " ind2=" ">
    <subfield code="a">Computerunterstützte Intelligenz</subfield>
    <subfield code="A">GND</subfield>
    <subfield code="B">GND-040334473</subfield>
    <subfield code="C">450</subfield>
  </datafield>
  <datafield tag="GST" ind1=" " ind2=" ">
    <subfield code="a">Maschinelle Intelligenz</subfield>
    <subfield code="A">GND</subfield>
    <subfield code="B">GND-040334473</subfield>
    <subfield code="C">450</subfield>
  </datafield>
  <datafield tag="GST" ind1=" " ind2=" ">
    <subfield code="a">KI</subfield>
    <subfield code="g">Informatik</subfield>
    <subfield code="A">GND</subfield>
    <subfield code="B">GND-040334473</subfield>
    <subfield code="C">450</subfield>
  </datafield>
  <datafield tag="GSI" ind1="7" ind2=" ">
    <subfield code="a">4033447-8</subfield>
    <subfield code="0">http://d-nb.info/gnd/4033447-8</subfield>
    <subfield code="2">gnd</subfield>
    <subfield code="A">GND</subfield>
    <subfield code="B">GND-040334473</subfield>
    <subfield code="C">024</subfield>
  </datafield>
</record>
